@ARTICLE{28121, 
author={A. F. Ackerman and L. S. Buchwald and F. H. Lewski}, 
journal={IEEE Software}, 
title={Software inspections: an effective verification process}, 
year={1989}, 
volume={6}, 
number={3}, 
pages={31-36}, 
keywords={program testing;effective verification process;metrics;software inspection;Books;Costs;Fault detection;Inspection;Logic design;Performance evaluation;Software performance;Software quality;Software testing;Standards development}, 
doi={10.1109/52.28121}, 
ISSN={0740-7459}, 
month={May},}

@inproceedings{Bacchelli:2013:EOC:2486788.2486882,
 author = {Bacchelli, Alberto and Bird, Christian},
 title = {Expectations, Outcomes, and Challenges of Modern Code Review},
 booktitle = {Proceedings of the 2013 International Conference on Software Engineering},
 series = {ICSE '13},
 year = {2013},
 isbn = {978-1-4673-3076-3},
 location = {San Francisco, CA, USA},
 pages = {712--721},
 numpages = {10},
 url = {http://dl.acm.org/citation.cfm?id=2486788.2486882},
 acmid = {2486882},
 publisher = {IEEE Press},
 address = {Piscataway, NJ, USA},
}

@ARTICLE{5388086, 
author={M. E. Fagan}, 
journal={IBM Systems Journal}, 
title={Design and code inspections to reduce errors in program development}, 
year={1976}, 
volume={15}, 
number={3}, 
pages={182-211}, 
doi={10.1147/sj.153.0182}, 
ISSN={0018-8670}, 
month={},} 


