@misc{seguridadsocial,
	author = {Ministerio de Empleo y Seguridad Social},
	title = {Bases y tipos de cotizaci√≥n 2017},
	howpublished = {\url{http://www.seg-social.es/Internet_1/Trabajadores/CotizacionRecaudaci10777/Basesytiposdecotiza36537/index.htm}},
	note = {[Internet; accedido 27-junio-2017]}
}

@misc{mit,
	author = {Open Source Initiative},
	title = {MIT License},
	howpublished = {\url{https://opensource.org/licenses/MIT}},
	note = {[Internet; accedido 28-junio-2017]}
}

@misc{creativecommons,
	author = {Creative Commons},
	title = {Attribution 4.0 International (CC BY 4.0)},
	howpublished = {\url{https://creativecommons.org/licenses/by/4.0/}},
	note = {[Internet; accedido 28-junio-2017]}
}

@misc{connstring,
	author = {MongoDB},
	title = {Connection String URI Format},
	howpublished = {\url{https://docs.mongodb.com/manual/reference/connection-string/}},
	note = {[Internet; accedido 29-junio-2017]}
}

@misc{devapp,
	author = {GitHub},
	title = {Developer applications},
	howpublished = {\url{https://github.com/settings/developers}},
	note = {[Internet; accedido 29-junio-2017]}
}

@misc{vscode,
	author = {Microsoft},
	title = {Visual Studio Code},
	howpublished = {\url{https://code.visualstudio.com/}},
	note = {[Internet; accedido 29-junio-2017]}
}



